@article{cond-mat/0308217,
Author = {M. E. J. Newman and M. Girvan},
Title = {Finding and evaluating community structure in networks},
Year = {2003},
Eprint = {arXiv:cond-mat/0308217},
Howpublished = {Phys. Rev. E 69, 026113 (2004)},
Doi = {10.1103/PhysRevE.69.026113},
}

@article{0803.0476,
	Author = {Vincent D. Blondel and Jean-Loup Guillaume and Renaud Lambiotte and Etienne Lefebvre},
	Title = {Fast unfolding of communities in large networks},
	Year = {2008},
	Eprint = {arXiv:0803.0476},
	Howpublished = {J. Stat. Mech. (2008) P10008},
	Doi = {10.1088/1742-5468/2008/10/P10008},
}
